% bmc_article.bib
% 
%  An example of bibtex entries.
%  Entries taken from BMC instructions for authors page.


@article{biscarini2014genome,
	author  = {Biscarini, Filippo and Stevanato, Piergiorgio and Broccanello, Chiara and
                  Stella, Alessandra and Saccomani, Massimo}, 
	title   = {Genome-enabled predictions for binomial traits in
                  sugar beet populations},
	journal = {BMC Genetics},
	year  = 2014, 
	  volume= 18, 
	  number= 5, 
	  pages = {1--9}}	

% Article within a journal
@article{moose2008molecular,
  title={Molecular plant breeding as the foundation for 21st century crop improvement},
  author={Moose, Stephen P and Mumm, Rita H},
  journal={Plant physiology},
  volume=147,
  number=3,
  pages={969--977},
  year=2008,
  publisher={Am Soc Plant Biol}
}
@article{saccomani2009molecular,
  title={Molecular and morpho-physiological characterization of sea, ruderal and cultivated beets},
  author={Saccomani, Massimo and Stevanato, Piergiorgio and Trebbi, Daniele and McGrath, J Mitchell and Biancardi, Enrico},
  journal={Euphytica},
  volume=169,
  number=1,
  pages={19--29},
  year=2009,
  publisher={Springer}
}
@article{stevanato2013high,
  title={High-Throughput RAD-SNP Genotyping for Characterization of Sugar Beet Genotypes},
  author={Stevanato, Piergiorgio and Broccanello, Chiara and Biscarini, Filippo and Del Corvo, Marcello and Sablok, Gaurav and Panella, Lee and Stella, Alessandra and Concheri, Giuseppe},
  journal={Plant Molecular Biology Reporter},
  pages={1--6},
  year=2013,
  publisher={Springer}
}
@article{dimauro2013use,
  title={Use of the canonical discriminant analysis to select SNP markers for bovine breed assignment and traceability purposes},
  author={Dimauro, Corrado and Cellesi, Massimo and Steri, Roberto and Gaspa, Giustino and Sorbolini, Silvia and Stella, Alessandra and Macciotta, Nicol{\`o} Pietro Paolo},
  journal={Animal genetics},
  volume=44,
  number=4,
  pages={377--382},
  year=2013,
  publisher={Wiley Online Library}
}
@article{schuster2007next,
  title={Next-generation sequencing transforms today’s biology},
  author={Schuster, Stephan C},
  journal={Nature},
  volume=200,
  number=8,
  year=2007
}
@article{elshire2011robust,
  title={A robust, simple genotyping-by-sequencing (GBS) approach for high diversity species},
  author={Elshire, Robert J and Glaubitz, Jeffrey C and Sun, Qi and Poland, Jesse A and Kawamoto, Ken and Buckler, Edward S and Mitchell, Sharon E},
  journal={PloS one},
  volume=6,
  number=5,
  pages={e19379},
  year=2011,
  publisher={Public Library of Science}
}
@article{oliphant2002beadarray,
  title={BeadArray technology: enabling an accurate, cost-effective approach to high-throughput genotyping},
  author={Oliphant, Arnold and Barker, David L and Stuelpnagel, John R and Chee, Mark S},
  journal={Biotechniques},
  volume=32,
  number=6,
  pages={56--58},
  year=2009
}
@article{natbiotechnol2009genome,
 title={The genome-assisted barnyard},
 author={Nat. Biotechnol., Editor},
 journal={Nature Biotechnology},
 volume=27,
 pages={487},
 year=2009
}
@article{zhang2012progress,
  title={Progress of genome wide association study in domestic animals},
  author={Zhang, Hui and Wang, Zhipeng and Wang, Shouzhi and Li, Hui},
  journal={J Anim Sci Biotech},
  volume=3,
  pages=26,
  year=2012
}
@article{nicolazzi2014snpchimp,
  title={SNPchiMp: a database to disentangle the SNPchip jungle in bovine livestock},
  author={Nicolazzi, Ezequiel Luis and Picciolini, Matteo and Strozzi, Francesco and Schnabel, Robert David and Lawley, Cindy and Pirani, Ali and Brew, Fiona and Stella, Alessandra},
  journal={BMC genomics},
  volume=15,
  number=1,
  pages=123,
  year=2014,
  publisher={BioMed Central Ltd}
}
@article{cole2012breeding,
  title={BREEDING AND GENETICS SYMPOSIUM: Really big data: Processing and analysis of very large data sets},
  author={Cole, JB and Newman, S and Foertter, F and Aguilar, I and Coffey, M},
  journal={Journal of Animal Science},
  volume={90},
  number={3},
  pages={723--733},
  year={2012},
  publisher={American Society of Animal Science}
}
@article{hayes2009invited,
  title={< i> Invited review</i>: Genomic selection in dairy cattle: Progress and challenges},
  author={Hayes, BJ and Bowman, PJ and Chamberlain, AJ and Goddard, ME},
  journal={Journal of dairy science},
  volume=92,
  number=2,
  pages={433--443},
  year=2009,
  publisher={Elsevier}
}
@article{goddard2009mapping,
  title={Mapping genes for complex traits in domestic animals and their use in breeding programmes},
  author={Goddard, Michael E and Hayes, Ben J},
  journal={Nature Reviews Genetics},
  volume=10,
  number=6,
  pages={381--391},
  year=2009,
  publisher={Nature Publishing Group}
}
@article{groeneveld2010genetic,
  title={Genetic diversity in farm animals--a review},
  author={Groeneveld, LF and Lenstra, JA and Eding, H and Toro, MA and Scherf, B and Pilling, D and Negrini, R and Finlay, EK and Jianlin, H and Groeneveld, E and others},
  journal={Animal Genetics},
  volume={41},
  number={s1},
  pages={6--31},
  year={2010},
  publisher={Wiley Online Library}
}
@article{vanraden2011harmful,
  title={Harmful recessive effects on fertility detected by absence of homozygous haplotypes},
  author={VanRaden, PM and Olson, KM and Null, DJ and Hutchison, JL},
  journal={Journal of dairy science},
  volume=94,
  number=12,
  pages={6153--6161},
  year=2011,
  publisher={Elsevier}
}
@article{li2011predicting,
  title={Predicting multiallelic genes using unphased and flanking single nucleotide polymorphisms},
  author={Li, Shuying S and Wang, Hongwei and Smith, Anajane and Zhang, Bo and Zhang, Xinyi Cindy and Schoch, Gary and Geraghty, Daniel and Hansen, John A and Zhao, Lue Ping},
  journal={Genetic epidemiology},
  volume=35,
  number=2,
  pages={85--92},
  year=2011,
  publisher={Wiley Online Library}
}
@inproceedings{pirola2013haplotype,
  title={Haplotype-based prediction of gene alleles using pedigrees and SNP genotypes},
  author={Pirola, Yuri and Vedova, Gianluca Della and Bonizzoni, Paola and Stella, Alessandra and Biscarini, Filippo},
  booktitle={Proceedings of the International Conference on Bioinformatics, Computational Biology and Biomedical Informatics},
  pages=33,
  year=2013,
  organization={ACM}
}
@article{pacheco2011convenient,
  title={Convenient genotyping of nine bovine K-casein variants},
  author={Pacheco Contreras, V{\'\i}ctor I and Lourenco Jaramillo, Diana L and Parra Bracamonte, Gaspar M and Mart{\'\i}nez Gonz{\'a}lez, Juan C and Sifuentes Rinc{\'o}n, Ana M},
  journal={Electronic Journal of Biotechnology},
  volume=14,
  number=4,
  pages={12--12},
  year=2011,
  publisher={SciELO Chile}
}
@article{summer2010short,
  title={\emph{Short communication}: Characterization of a monoclonal antibody for $\kappa$-casein B of cow's milk},
  author={Summer, A and Santus, E and Casanova, L and Joerg, H and Rossoni, A and Nicoletti, C and Donofrio, G and Mariani, P and Malacarne, M},
  journal={Journal of dairy science},
  volume=93,
  number=2,
  pages={796--800},
  year=2010,
  publisher={Elsevier}
}
@article{leslie2008statistical,
  title={A statistical method for predicting classical HLA alleles from SNP data},
  author={Leslie, Stephen and Donnelly, Peter and McVean, Gil},
  journal={The American Journal of Human Genetics},
  volume=82,
  number=1,
  pages={48--56},
  year=2008,
  publisher={Elsevier}
}
@article{windig2004rapid,
  title={Rapid haplotype reconstruction in pedigrees with dense marker maps},
  author={Windig, JJ and Meuwissen, THE},
  journal={Journal of Animal Breeding and Genetics},
  volume=121,
  number=1,
  pages={26--39},
  year=2004,
  publisher={Wiley Online Library}
}
@article{scheet2006fast,
  title={A fast and flexible statistical model for large-scale population genotype data: applications to inferring missing genotypes and haplotypic phase},
  author={Scheet, Paul and Stephens, Matthew},
  journal={The American Journal of Human Genetics},
  volume=78,
  number=4,
  pages={629--644},
  year=2006,
  publisher={Elsevier}
}
@article{druet2010hidden,
  title={A hidden Markov model combining linkage and linkage disequilibrium information for haplotype reconstruction and quantitative trait locus fine mapping},
  author={Druet, Tom and Georges, Michel},
  journal={Genetics},
  volume=184,
  number=3,
  pages={789--798},
  year=2010,
  publisher={Genetics Soc America}
}
@article{browning2007rapid,
  title={Rapid and accurate haplotype phasing and missing-data inference for whole-genome association studies by use of localized haplotype clustering},
  author={Browning, Sharon R and Browning, Brian L},
  journal={The American Journal of Human Genetics},
  volume=81,
  number=5,
  pages={1084--1097},
  year=2007,
  publisher={Elsevier}
}
@article{browning2006multilocus,
  title={Multilocus association mapping using variable-length Markov chains},
  author={Browning, Sharon R},
  journal={The American Journal of Human Genetics},
  volume=78,
  number=6,
  pages={903--913},
  year=2006,
  publisher={Elsevier}
}
@article{bohmanova2010characteristics,
  title={Characteristics of linkage disequilibrium in North American Holsteins},
  author={Bohmanova, Jarmila and Sargolzaei, Mehdi and Schenkel, Flavio S},
  journal={BMC genomics},
  volume=11,
  number=1,
  pages=421,
  year=2010,
  publisher={BioMed Central Ltd}
}
@article{walsh1998influence,
  title={Influence of $\kappa$-casein genetic variant on rennet gel microstructure, cheddar cheesemaking properties and casein micelle size},
  author={Walsh, Catherine D and Guinee, Timothy P and Reville, William D and Harrington, Dermot and Murphy, John J and O’Kennedy, Brendan T and FitzGerald, Richard J},
  journal={International Dairy Journal},
  volume=8,
  number=8,
  pages={707--714},
  year=1998,
  publisher={Elsevier}
}
% Article within a journal supplement
@ARTICLE{oreg,
	author  = {Orengo, C A and Bray, J E and Hubbard, 
		   T and LoConte, L and Sillitoe, I}, 
	title   = {Analysis and assessment of ab initio 
		   three-dimensional prediction, secondary 
		   structure, and contacts prediction},
	journal = {Proteins}, 
	year    = {1999},
	volume  = {Suppl 3}, 
	pages   = {149-170}
}	

% In press article
@inpress{khar,
	author  = {Kharitonov, S A and Barnes, P J}, 
	title   = {Clinical aspects of exhaled nitric oxide},
	journal = {Eur Respir J}, 
	note    = {in press} 
}	

%
% Published abstract
%
@ARTICLE{zvai,
	author  = {Zvaifler, N J and Burger, J A and Marinova-Mutafchieva, 
		   L and Taylor, P and Maini, R N},
	title   = {Mesenchymal cells, stromal derived factor-1 and 
		   rheumatoid arthritis [abstract]},
	journal = {Arthritis Rheum}, 
	year    = {1999},
	volume  = {42}, 
	pages   = {s250},
}	


%
% Article within conference proceedings
%
@Inproceedings{schwarzenbacher2012genome,
	author    = {Schwarzenbacher, H and F\"{u}rst, C and F\"{u}rst-Waltl, B and Dolezal, M}, 
	title     = {A genome-wide search for harmful recessive haplotypes in Brown Swiss and Fleckvieh cattle},
	booktitle = {Book of Abstracts of the $63^{rd}$ EAAP Annual
                  Meeting, Bratislava},
	year      = 2012,
	  editor  = {EAAP}, 
	  pages   = 171
}	

@Inproceedings{bacciu2012linkage,
	author    = {Bacciu, N and Bomba, L and Nicolazzi, E L and
                  Milanesi, M and Ajmone-Marsan, P}, 
	title     = {Linkage disequilibrium in {BTA6} for the italian holstein breed using
  a 54k and 800k {SNP}-chip},
	booktitle = {Proceedings of the 16th QTL-MAS workshop, Alghero - Italy},
	year      = 2012
}	

%%%%%%%%
%  Book chapter, or article within a book
%
@incollection{schn,
	author    = {E Schnepf}, 
	title     = {From prey via endosymbiont to plastids: 
		     comparative studies in dinoflagellates},
	booktitle = {Origins of Plastids}, 
	editor    = {R A Lewin}, 
	publisher = {Chapman and Hall},
	pages     = {53-76}, 
	year      = {1993},
	  address = {New York}, 
	  volume  = {2}, 
	  edition = {2nd} 
}	
@incollection{james2013,
	author    = {James, G and Witten, D and Hastie, T and
                  Tibshirani, R}, 
        title = {Linear Model Selection and Regularization},
	booktitle     = {An introduction to statistical learning - with
                  applications in R},
	publisher = {Springer}, 
	year      = {2013},
        pages = {208-209},
	address   = {} 
}


%%%%%%%%
% Whole issue of journal
%
@wholejournal{pond,
	editor  = {B Ponder and S Johnston and L Chodosh}, 
	title   = {Innovative oncology},
	journal = {Breast Cancer Res}, 
	year  = {1998},
	  volume= {10}, 
	  pages = {1-72}
}	


%%%%%%%%
% Whole conference proceedings
%
@proceedings{smith,
	editor  = {Y Smith}, 
	title   = {Proceedings of the First National Conference
		   on Porous Sieves: 27-30 June 1996; Baltimore},
	year = 1996,
	  address= {Stoneham}, 
	  publisher = {Butterworth-Heinemann},
}	


%%%%%%%%
% Complete book
%
@book{mardia2000,
	author    = {Mardia, K V and Kent, J T and Bibby, J M}, 
	title     = {Multivariate Analysis},
	publisher = {Academic Press}, 
	year      = {2000},
	address   = {London} 
}

%%%%%%%%
% Monograph or book in series 
%
@incollection{hunn,
	author    = {G W Hunninghake and J E Gadek}, 
	title     = {The alveloar macrophage},
	booktitle = {Cultured Human Cells and Tissues},
	publisher = {Academic Press}, 
	year      = {1995},
  pages      = {54-56},
	  editor   = {T J R Harris}, 
	  address  = {New York}, 
	  note     = {Stoner G (Series Editor): Methods and Perspectives in Cell Biology, vol 1} 
}


%%%%%%%%
% Book with institutional author
@manual{advi,
	  title   = {Annual Report}, 
	    organization  = {Advisory Committee on Genetic Modification}, 
	    address = {London},
	    year    = {1999}
}


%%%%%%%%
% PHD Thesis
%
@phdthesis{koha,
	author = {R Kohavi}, 
	title  = {Wrappers for performance enhancement and
		  obvious decision graphs},
	school = {Stanford University, Computer Science Department},
	year   = {1995}
}

%%%%%%%%
% Webpage Link / URL
%
@webpage{mouse,
	title  = {The Mouse Tumor Biology Database},
	url = {http://tumor.informatics.jax.org/cancer\_links.html}
}


